<?xml version="1.0" encoding="UTF-8"?><collection xmlns="http://www.loc.gov/MARC21/slim"><record><leader>00343nam--2200121-i-4500</leader><controlfield tag="001">000013112</controlfield><controlfield tag="002">20161230</controlfield><controlfield tag="005">20161230201030</controlfield><controlfield tag="008">060222s1000------------r-----000-0-eng-d</controlfield><datafield ind1=" " ind2=" " tag="080"><subfield code="a">342.15.01</subfield></datafield><datafield ind1=" " ind2=" " tag="245"><subfield code="a">Contributii la dexbaterea problemelor teore tice ale economiei socialiste</subfield></datafield><datafield ind1=" " ind2=" " tag="260"><subfield code="a">Bucuresti, Editura Politica, 1971 606 P</subfield></datafield><datafield ind1=" " ind2=" " tag="852"><subfield code="a">47380</subfield></datafield></record></collection>